@article{lighthill1952sound,
  author={Lighthill, M.J.},
  title={On sound generated aerodynamically I. General theory},
  journal={Proc. R. Soc. Lond.A Math. Phys. Sci.},
  volume={211},
  pages={564-587},
  year={1952},
}

@article{curle1955influence,
  title={The influence of solid boundaries upon aerodynamic sound},
  author={Curle, N},
  journal={Proceedings of the Royal Society of London. Series A. Mathematical and Physical Sciences},
  volume={231},
  pages={505-514},
  year={1955},
}

@article{ffowcs1969sound,
  title={Sound generation by turbulence and surfaces in arbitrary motion},
  author={Ffowcs Williams, John E and Hawkings, David L},
  journal={Philosophical Transactions of the Royal Society of London. Series A, Mathematical and Physical Sciences},
  volume={264},
  pages={321-342},
  year={1969},
}

@article{FARASSAT1988451,
  title={Extension of Kirchhoff's formula to radiation from moving surfaces},
  author={F. Farassat and M.K. Myers},
  journal={Journal of Sound and Vibration},
  volume={123},
  pages={451-460},
  year={1988},
}

@article{jamaluddin,
  title={The collapse of single bubbles and approximation of the far-field acoustic emissions for cavitation induced by shock wave lithotripsy},
  author={Jamaluddin, A. R. and Ball, G. J. and Turangan, C. K. and Leighton, T. G.},
  journal={Journal of Fluid Mechanics},
  volume={677},
  pages={305â€“341},
  year={2011},
}


@book{howe2003theory,
  title={Theory of vortex sound},
  author={Howe, MS},
  year={2003},
  publisher={Cambridge university press}
}